<?xml version="1.0" encoding="UTF-8"?><collection xmlns="http://www.loc.gov/MARC21/slim"><record><leader>00340nam--2200133-i-4500</leader><controlfield tag="001">000019304</controlfield><controlfield tag="002">20161230</controlfield><controlfield tag="005">20161230201033</controlfield><controlfield tag="008">060222s1000------------r-----000-0-eng-d</controlfield><datafield ind1=" " ind2=" " tag="080"><subfield code="a">621.039.534</subfield></datafield><datafield ind1=" " ind2=" " tag="100"><subfield code="a">El-wakil, M.M</subfield></datafield><datafield ind1=" " ind2=" " tag="245"><subfield code="a">Nuclear heat transport</subfield></datafield><datafield ind1=" " ind2=" " tag="260"><subfield code="a">Scranton, International Textbook Comp., 1971. X + 502 P</subfield></datafield><datafield ind1=" " ind2=" " tag="852"><subfield code="a">36021</subfield></datafield></record></collection>